<?xml version="1.0" encoding="UTF-8"?><collection xmlns="http://www.loc.gov/MARC21/slim"><record><leader>00757nam--2200205-u-4500</leader><controlfield tag="001">000054798</controlfield><controlfield tag="002">20161230</controlfield><controlfield tag="005">20161230201051</controlfield><controlfield tag="008">120614s1000------------r-----000-0-eng-d</controlfield><datafield ind1=" " ind2=" " tag="020"><subfield code="a">0720403073</subfield></datafield><datafield ind1=" " ind2=" " tag="040"><subfield code="a">IFIN-HH</subfield></datafield><datafield ind1=" " ind2=" " tag="080"><subfield code="a">539.172.17(061.3)</subfield></datafield><datafield ind1="1" ind2=" " tag="100"><subfield code="a">Robinson, R.L</subfield></datafield><datafield ind1="1" ind2="0" tag="245"><subfield code="a">Reactions between complex nuclei</subfield><subfield code="b">Proceedings of te internatinal conference on reactions between complex nuclei held at vanderbilt university, nashville, tennessee, june 10-14, 1974</subfield><subfield code="c">R.l. robinson, f.k. mcgowan, j.b.ball, j.h. hamilton (eds.)</subfield></datafield><datafield ind1=" " ind2=" " tag="260"><subfield code="a">Amsterdam</subfield><subfield code="b">North-holland Publishing Company</subfield><subfield code="c">1974</subfield></datafield><datafield ind1=" " ind2=" " tag="300"><subfield code="a">2 VOLUME</subfield></datafield><datafield ind1="1" ind2=" " tag="700"><subfield code="a">Hamilton, J.H</subfield></datafield><datafield ind1="1" ind2=" " tag="787"><subfield code="a">Vol. 2</subfield><subfield code="h">680p</subfield><subfield code="t">Invited Papers</subfield></datafield><datafield ind1=" " ind2=" " tag="852"><subfield code="a">42992</subfield><subfield code="c">539.17</subfield></datafield><datafield ind1=" " ind2=" " tag="CAT"><subfield code="a">Sys</subfield><subfield code="c">20120614</subfield><subfield code="h">105537</subfield></datafield></record></collection>